<record><leader>00000cas a2200000 a 4500</leader><controlfield tag="001">12246088</controlfield><controlfield tag="008">850709d18741973miuwr ne      0    0eng c</controlfield><datafield ind1=" " ind2=" " tag="010"><subfield code="a">sn 85026452 </subfield></datafield><datafield ind1=" " ind2=" " tag="040"><subfield code="a">NPX</subfield><subfield code="b">eng</subfield><subfield code="c">NPX</subfield><subfield code="d">OCL</subfield><subfield code="d">MHN</subfield><subfield code="d">OCL</subfield><subfield code="d">OCLCQ</subfield><subfield code="d">OCLCF</subfield><subfield code="d">OCLCO</subfield></datafield><datafield ind1="1" ind2=" " tag="029"><subfield code="a">AU@</subfield><subfield code="b">000020382894</subfield></datafield><datafield ind1=" " ind2=" " tag="042"><subfield code="a">pcc</subfield></datafield><datafield ind1=" " ind2=" " tag="043"><subfield code="a">n-us-mi</subfield></datafield><datafield ind1="0" ind2=" " tag="130"><subfield code="a">Cedar Springs clipper (Cedar Springs, Mich. : 1874)</subfield></datafield><datafield ind1="1" ind2="0" tag="245"><subfield code="a">Cedar Springs clipper.</subfield></datafield><datafield ind1=" " ind2=" " tag="260"><subfield code="a">Cedar Springs, Mich. :</subfield><subfield code="b">L. McKnight Sellers</subfield></datafield><datafield ind1=" " ind2=" " tag="300"><subfield code="a">v.</subfield></datafield><datafield ind1=" " ind2=" " tag="310"><subfield code="a">Weekly</subfield></datafield><datafield ind1="0" ind2=" " tag="362"><subfield code="a">Vol. 5, no. 52 (Dec. 30, 1874) = whole no. 261-v. 104, no. 20 (May. 8, 1973).</subfield></datafield><datafield ind1=" " ind2=" " tag="500"><subfield code="a">Editor: L. McKnight Sellers, 1874-1921.</subfield></datafield><datafield ind1=" " ind2=" " tag="500"><subfield code="a">Issue called: Centennial ed., Nov. 20, 1969.</subfield></datafield><datafield ind1=" " ind2="0" tag="651"><subfield code="a">Cedar Springs (Mich.)</subfield><subfield code="v">Newspapers.</subfield></datafield><datafield ind1=" " ind2="0" tag="651"><subfield code="a">Kent County (Mich.)</subfield><subfield code="v">Newspapers.</subfield></datafield><datafield ind1=" " ind2="7" tag="655"><subfield code="a">Newspapers.</subfield><subfield code="2">fast</subfield><subfield code="0">(OCoLC)fst01423814</subfield></datafield><datafield ind1=" " ind2="7" tag="651"><subfield code="a">Michigan</subfield><subfield code="z">Cedar Springs.</subfield><subfield code="2">fast</subfield><subfield code="0">(OCoLC)fst01232091</subfield></datafield><datafield ind1=" " ind2="7" tag="651"><subfield code="a">Michigan</subfield><subfield code="z">Kent County.</subfield><subfield code="2">fast</subfield><subfield code="0">(OCoLC)fst01202912</subfield></datafield><datafield ind1=" " ind2=" " tag="752"><subfield code="a">United States</subfield><subfield code="b">Michigan</subfield><subfield code="c">Kent</subfield><subfield code="d">Cedar Springs.</subfield></datafield><datafield ind1="0" ind2="0" tag="780"><subfield code="t">Wolverine clipper</subfield><subfield code="w">(DLC)sn 85033590</subfield><subfield code="w">(OCoLC)12077044</subfield></datafield><datafield ind1="0" ind2="0" tag="785"><subfield code="t">Clipper (Cedar Springs, Mich.)</subfield><subfield code="w">(DLC)sn 96076731</subfield><subfield code="w">(OCoLC)34979183</subfield></datafield></record>